<?xml version="1.0" encoding="utf-8"?>
<record xmlns="http://www.loc.gov/MARC21/slim" xmlns:xsi="http://www.w3.org/2001/XMLSchema-instance" xsi:schemaLocation="http://www.loc.gov/MARC21/slim http://www.loc.gov/standards/marcxml/schema/MARC21slim.xsd">
	<leader>     nam a22        4500</leader>
	<controlfield tag="001">646146</controlfield>
	<controlfield tag="003">NNC</controlfield>
	<controlfield tag="006">m        d        </controlfield>
	<controlfield tag="007">cr cn |||m|||a</controlfield>
	<controlfield tag="008">171105s1908    ua      o     001 0 arard</controlfield>
	<datafield ind1=" " ind2=" " tag="040">
		<subfield code="a">NNU</subfield>
		<subfield code="b">eng</subfield>
		<subfield code="e">rda</subfield>
		<subfield code="c">NNU</subfield>
	</datafield>
	<datafield ind1=" " ind2=" " tag="066">
		<subfield code="c">(3</subfield>
	</datafield>
	<datafield ind1=" " ind2="4" tag="050">
		<subfield code="a">PJ7755.H3</subfield>
		<subfield code="b">M3 1908</subfield>
	</datafield>
	<datafield ind1="0" ind2="0" tag="245">
		<subfield code="6">880-01</subfield>
		<subfield code="a">Kitāb al-maqāmāt al-adabīyah /</subfield>
		<subfield code="c">taʼlīf Abī Muḥammad al-Qāsim ibn ʻAlī ibn Muḥammad ibn ʻUthmān al-Ḥarīrī al-Baṣrī. Wa-yalīhā risālatān min inshāʼihi kataba iḥdāhumā wa-hiya al-Sīnīyah ʻalá lisān al-amīr Amīn al-Malik Abī al-Ḥasan ibn Quṭayr al-Madāyinī wa-al-thāniyah wa-hiya al-Shīnīyah ilá al-shaykh Shams al-Shuʻarāʼ Ṭalḥah ibn Aḥmad ibn Ṭalḥah al-Nuʻmānī. Wa-yalīhā ayḍan risālah lil-Imām Abī Muḥammad ʻAbd Allāh ibn Aḥmad al-maʻrūf bi-Ibn al-Khashshāb al-Baghdādī fī al-iʻtirāḍ ʻalá al-Ḥarīrī maʻa intiṣār Ibn Barrī lil-Ḥarīrī.</subfield>
	</datafield>
	<datafield ind1=" " ind2=" " tag="250">
		<subfield code="6">880-02</subfield>
		<subfield code="a">al-Ṭabʻah al-ūlá.</subfield>
	</datafield>
	<datafield ind1=" " ind2="1" tag="264">
		<subfield code="6">880-03</subfield>
		<subfield code="a">[Cairo?] :</subfield>
		<subfield code="b">al-Maṭbaʻah al-Ḥusaynīyah al-Miṣrīyah,</subfield>
		<subfield code="c">1326 [1908 or 1909]</subfield>
	</datafield>
	<datafield ind1=" " ind2=" " tag="300">
		<subfield code="a">online resource (612, 36, 92 pages)</subfield>
	</datafield>
	<datafield ind1=" " ind2=" " tag="336">
		<subfield code="a">text</subfield>
		<subfield code="2">rdacontent</subfield>
	</datafield>
	<datafield ind1=" " ind2=" " tag="337">
		<subfield code="a">computer</subfield>
		<subfield code="2">rdamedia</subfield>
	</datafield>
	<datafield ind1=" " ind2=" " tag="338">
		<subfield code="a">online resource</subfield>
		<subfield code="2">rdacarrier</subfield>
	</datafield>
	<datafield ind1=" " ind2=" " tag="500">
		<subfield code="a">Includes index.</subfield>
	</datafield>
	<datafield ind1=" " ind2=" " tag="500">
		<subfield code="a">Part of the Arabic Collections Online (ACO) project, contributed by Columbia University Libraries.</subfield>
	</datafield>
	<datafield ind1=" " ind2=" " tag="533">
		<subfield code="a">Electronic reproduction.</subfield>
		<subfield code="b">New York, N.Y. :</subfield>
		<subfield code="c">New York University,</subfield>
		<subfield code="d">2017.</subfield>
		<subfield code="5">NNU</subfield>
	</datafield>
	<datafield ind1="0" ind2="0" tag="600">
		<subfield code="6">880-04</subfield>
		<subfield code="a">Ḥarīrī,</subfield>
		<subfield code="d">1054-1122.</subfield>
		<subfield code="t">Maqāmāt.</subfield>
	</datafield>
	<datafield ind1="0" ind2="7" tag="630">
		<subfield code="a">Maqāmāt (Ḥarīrī)</subfield>
		<subfield code="2">fast</subfield>
		<subfield code="0">(OCoLC)fst01356801</subfield>
	</datafield>
	<datafield ind1="0" ind2="2" tag="700">
		<subfield code="6">880-05</subfield>
		<subfield code="i">Container of (work):</subfield>
		<subfield code="a">Ḥarīrī,</subfield>
		<subfield code="d">1054-1122.</subfield>
		<subfield code="t">Maqāmāt.</subfield>
	</datafield>
	<datafield ind1="0" ind2="2" tag="700">
		<subfield code="6">880-06</subfield>
		<subfield code="i">Container of (work):</subfield>
		<subfield code="a">Ḥarīrī,</subfield>
		<subfield code="d">1054-1122.</subfield>
		<subfield code="t">Sīnīyah.</subfield>
	</datafield>
	<datafield ind1="0" ind2="2" tag="700">
		<subfield code="6">880-07</subfield>
		<subfield code="i">Container of (work):</subfield>
		<subfield code="a">Ḥarīrī,</subfield>
		<subfield code="d">1054-1122.</subfield>
		<subfield code="t">Shīnīyah.</subfield>
	</datafield>
	<datafield ind1="1" ind2="2" tag="700">
		<subfield code="6">880-08</subfield>
		<subfield code="i">Container of (work):</subfield>
		<subfield code="a">Ibn al-Khashshāb, ʻAbd Allāh ibn Aḥmad,</subfield>
		<subfield code="d">1098 or 1099-1171 or 1172.</subfield>
		<subfield code="t">Fī al-iʻtirāḍ ʻalá al-Ḥarīrī.</subfield>
	</datafield>
	<datafield ind1="1" ind2="2" tag="700">
		<subfield code="6">880-09</subfield>
		<subfield code="i">Container of (work):</subfield>
		<subfield code="a">Ibn Barrī, ʻAbd Allāh,</subfield>
		<subfield code="d">1106-1187.</subfield>
		<subfield code="t">Intiṣār Ibn Barrī lil-Ḥarīrī.</subfield>
	</datafield>
	<datafield ind1="2" ind2=" " tag="710">
		<subfield code="a">Columbia University.</subfield>
		<subfield code="b">Libraries.</subfield>
	</datafield>
	<datafield ind1="0" ind2=" " tag="730">
		<subfield code="a">Arabic Collections Online.</subfield>
	</datafield>
	<datafield ind1="0" ind2="8" tag="776">
		<subfield code="i">Online version:</subfield>
		<subfield code="t">Kitāb al-maqāmāt al-adabīyah.</subfield>
		<subfield code="b">al-Ṭabʻah al-ūlá</subfield>
		<subfield code="w">(OCoLC)993749583</subfield>
	</datafield>
	<datafield ind1="0" ind2="8" tag="776">
		<subfield code="i">Print version:</subfield>
		<subfield code="t">Kitāb al-maqāmāt al-adabīyah</subfield>
		<subfield code="w">(NNC)646146</subfield>
		<subfield code="w">(OCoLC)37297570</subfield>
	</datafield>
	<datafield ind1="4" ind2="0" tag="856">
		<subfield code="u">http://hdl.handle.net/2333.1/2fqz669f</subfield>
	</datafield>
	<datafield ind1="0" ind2="0" tag="880">
		<subfield code="6">245-01/(3/r</subfield>
		<subfield code="a">كتاب المقامات الادبية /</subfield>
		<subfield code="c">تأليف ابي محمد القاسم بن علي بن محمد بن عثمان الحريري البصري. ويليها رسالتان من انشائه كتب احداهما وهي السينية على لسان الامير امين الملك ابي الحسن بن قطير المدايني والثانية وهي الشينية الى الشيخ شمس الشعراء طلحة بن احمد بن طلحة النعماني. ويليها ايضا رسالة للامام ابي محمد عبد الله بن احمد المعروف بابن الخشاب البغدادي في الاعتراض على الحريري مع انتصار ابن بري للحريري.</subfield>
	</datafield>
	<datafield ind1=" " ind2=" " tag="880">
		<subfield code="6">250-02/(3/r</subfield>
		<subfield code="a">الطبعة الاولى.</subfield>
	</datafield>
	<datafield ind1=" " ind2="1" tag="880">
		<subfield code="6">264-03/(3/r</subfield>
		<subfield code="a">Cairo?] :</subfield>
		<subfield code="b">المطبعة الحسينية المصرية،</subfield>
		<subfield code="c">1326 [1908 or 1909]</subfield>
	</datafield>
	<datafield ind1="0" ind2="0" tag="880">
		<subfield code="6">600-04/(3/r</subfield>
		<subfield code="a">حريري،</subfield>
		<subfield code="d">1054-1122.</subfield>
		<subfield code="t">مقامات.</subfield>
	</datafield>
	<datafield ind1="0" ind2="2" tag="880">
		<subfield code="6">700-05/(3/r</subfield>
		<subfield code="i">Container of (work):</subfield>
		<subfield code="a">حريري،</subfield>
		<subfield code="d">1054-1122.</subfield>
		<subfield code="t">مقامات.</subfield>
	</datafield>
	<datafield ind1="0" ind2="2" tag="880">
		<subfield code="6">700-06/(3/r</subfield>
		<subfield code="i">Container of (work):</subfield>
		<subfield code="a">حريري،</subfield>
		<subfield code="d">1054-1122.</subfield>
		<subfield code="t">سينية.</subfield>
	</datafield>
	<datafield ind1="0" ind2="2" tag="880">
		<subfield code="6">700-07/(3/r</subfield>
		<subfield code="i">Container of (work):</subfield>
		<subfield code="a">حريري،</subfield>
		<subfield code="d">1054-1122.</subfield>
		<subfield code="t">شينية.</subfield>
	</datafield>
	<datafield ind1="1" ind2="2" tag="880">
		<subfield code="6">700-08/(3/r</subfield>
		<subfield code="i">Container of (work):</subfield>
		<subfield code="a">ابن الخشاب، عبد الله بن احمد، 1098 or 1099-1171 or 1172.</subfield>
		<subfield code="t">في الاعتراض على الحريري.</subfield>
	</datafield>
	<datafield ind1="1" ind2="2" tag="880">
		<subfield code="6">700-09/(3/r</subfield>
		<subfield code="i">Container of (work):</subfield>
		<subfield code="a">ابن بري، عبد الله،</subfield>
		<subfield code="d">1106-1187.</subfield>
		<subfield code="t">انتصار ابن بري للحريري.</subfield>
	</datafield>
	<datafield ind1=" " ind2=" " tag="959">
		<subfield code="a">NNU</subfield>
		<subfield code="b">WEB</subfield>
		<subfield code="c">GENI</subfield>
		<subfield code="t">0</subfield>
		<subfield code="m">Electronic access</subfield>
		<subfield code="s">01</subfield>
	</datafield>
	<datafield ind1=" " ind2=" " tag="999">
		<subfield code="i">NNC_646146</subfield>
		<subfield code="o">(OCoLC)ocm37297570</subfield>
		<subfield code="s">columbia_aco002765</subfield>
	</datafield>
</record>
